% Encoding: UTF-8

@Book{Graham1994,
  author    = {Graham, Ronald L. and Knuth, Donald E. and Patashnik, Oren},
  publisher = {Addison Wesley},
  title     = {Concrete Mathematics: A Foundation for Computer Science},
  year      = {1994},
  isbn      = {0201558025},
  month     = feb,
  ean       = {9780201558029},
  pagetotal = {672},
}

@Comment{jabref-meta: databaseType:bibtex;}
